@article{chang2011libsvm,
  title={LIBSVM: a library for support vector machines},
  author={Chang, C.C. and Lin, C.J.},
  journal={ACM Transactions on Intelligent Systems and Technology (TIST)},
  volume={2},
  number={3},
  pages={27},
  year={2011},
  publisher={ACM}
}
@BOOK{Bishop200608,
title={(Pattern Recognition and Machine Learning) By Bishop, Christopher M. (Author) Hardcover on (08 , 2006)},
author={Christopher M. Bishop},
publisher={Springer},
year={2006},
month={8},
asin={B006V35WT4},
url={http://amazon.de/o/ASIN/B006V35WT4/},
timestamp={2012.03.15},
}